<?xml version="1.0" encoding="UTF-8"?>
<collection xmlns="http://www.loc.gov/MARC21/slim">
 <record>
  <leader>01532cam a22004211  4500</leader>
  <controlfield tag="001">1929452</controlfield>
  <controlfield tag="005">20070213090900.0</controlfield>
  <controlfield tag="008">750123s1958    iluf     b    000 0 eng  </controlfield>
  <controlfield tag="003">OLE</controlfield>
  <datafield tag="010" ind1=" " ind2=" ">
   <subfield code="a">   57011216 </subfield>
  </datafield>
  <datafield tag="015" ind1=" " ind2=" ">
   <subfield code="a">GB59-9626</subfield>
  </datafield>
  <datafield tag="035" ind1=" " ind2=" ">
   <subfield code="a">(OCoLC)1150168</subfield>
  </datafield>
  <datafield tag="040" ind1=" " ind2=" ">
   <subfield code="a">DLC</subfield>
   <subfield code="c">AKR</subfield>
   <subfield code="d">DLC</subfield>
   <subfield code="d">SER</subfield>
   <subfield code="d">UKM</subfield>
   <subfield code="d">MUQ</subfield>
   <subfield code="d">OCLCQ</subfield>
   <subfield code="d">UtOrBLW</subfield>
  </datafield>
  <datafield tag="049" ind1=" " ind2=" ">
   <subfield code="a">CGUA</subfield>
  </datafield>
  <datafield tag="050" ind1="0" ind2="0">
   <subfield code="a">DS99.F3</subfield>
   <subfield code="b">M3</subfield>
  </datafield>
  <datafield tag="082" ind1="0" ind2=" ">
   <subfield code="a">913.394</subfield>
   <subfield code="a">939*</subfield>
  </datafield>
  <datafield tag="100" ind1="1" ind2=" ">
   <subfield code="a">McEwan, Calvin W.</subfield>
   <subfield code="q">(Calvin Wells),</subfield>
   <subfield code="d">1906-1950.</subfield>
  </datafield>
  <datafield tag="245" ind1="1" ind2="0">
   <subfield code="a">Soundings at Tell Fakhariyah,</subfield>
   <subfield code="c">by Calvin W. McEwan ... [et al.].</subfield>
  </datafield>
  <datafield tag="260" ind1=" " ind2=" ">
   <subfield code="a">Chicago :</subfield>
   <subfield code="b">University of Chicago Press,</subfield>
   <subfield code="c">[1958]</subfield>
  </datafield>
  <datafield tag="300" ind1=" " ind2=" ">
   <subfield code="a">xvii, 103 p.</subfield>
   <subfield code="b">87 plates (1 fold. in pocket)</subfield>
   <subfield code="c">31 cm.</subfield>
  </datafield>
  <datafield tag="490" ind1="1" ind2=" ">
   <subfield code="a">University of Chicago. Oriental Institute publications,</subfield>
   <subfield code="v">v. 79</subfield>
  </datafield>
  <datafield tag="504" ind1=" " ind2=" ">
   <subfield code="a">Includes bibliographical references.</subfield>
  </datafield>
  <datafield tag="611" ind1="2" ind2="0">
   <subfield code="a">Theodore Marriner Memorial Expedition</subfield>
   <subfield code="d">(1940)</subfield>
  </datafield>
  <datafield tag="651" ind1=" " ind2="0">
   <subfield code="a">Mitanni (Ancient kingdom)</subfield>
  </datafield>
  <datafield tag="651" ind1=" " ind2="0">
   <subfield code="a">Fakhariyah, Tell.</subfield>
  </datafield>
  <datafield tag="650" ind1=" " ind2="6">
   <subfield code="a">Theodore Marriner Memorial Expedition, 1940.</subfield>
  </datafield>
  <datafield tag="651" ind1=" " ind2="6">
   <subfield code="a">Mitanni.</subfield>
  </datafield>
  <datafield tag="651" ind1=" " ind2="6">
   <subfield code="a">Tell Fakhariyah, Syrie.</subfield>
  </datafield>
  <datafield tag="611" ind1="2" ind2="7">
   <subfield code="a">Theodore Marriner Memorial Expedition.</subfield>
   <subfield code="2">fast</subfield>
   <subfield code="0">http://id.worldcat.org/fast/fst01408645</subfield>
  </datafield>
  <datafield tag="651" ind1=" " ind2="7">
   <subfield code="a">Middle East</subfield>
   <subfield code="z">Mitanni (Ancient kingdom)</subfield>
   <subfield code="2">fast</subfield>
   <subfield code="0">http://id.worldcat.org/fast/fst01254381</subfield>
  </datafield>
  <datafield tag="440" ind1="2" ind2=" ">
   <subfield code="a">University of Chicago Oriental Institute publications.</subfield>
   <subfield code="v">v. 79.</subfield>
  </datafield>
  <datafield tag="903" ind1=" " ind2=" ">
   <subfield code="a">MARS</subfield>
  </datafield>
  <datafield tag="903" ind1=" " ind2=" ">
   <subfield code="a">Hathi</subfield>
  </datafield>
  <datafield tag="903" ind1=" " ind2=" ">
   <subfield code="a">UCPress</subfield>
  </datafield>
  <datafield tag="929" ind1=" " ind2=" ">
   <subfield code="t">LCC</subfield>
   <subfield code="c">Gen</subfield>
   <subfield code="b">f</subfield>
   <subfield code="a">DS99.F2M17</subfield>
   <subfield code="l">JRL</subfield>
  </datafield>
  <datafield tag="927" ind1=" " ind2=" ">
   <subfield code="b">18266432</subfield>
  </datafield>
  <datafield tag="929" ind1=" " ind2=" ">
   <subfield code="t">LCC</subfield>
   <subfield code="c">Gen</subfield>
   <subfield code="b">f</subfield>
   <subfield code="a">DS99.F2M17</subfield>
   <subfield code="l">JRL</subfield>
  </datafield>
  <datafield tag="927" ind1=" " ind2=" ">
   <subfield code="b">16749485</subfield>
  </datafield>
 </record>
</collection>
